<?xml version="1.0" encoding="UTF-8"?><record xmlns="http://www.loc.gov/MARC21/slim" xmlns:cinclude="http://apache.org/cocoon/include/1.0" xmlns:zs="http://www.loc.gov/zing/srw/">
  <leader>01246nz  a2200229n  4500</leader>
  <controlfield tag="001">no2014165757</controlfield>
  <controlfield tag="003">DLC</controlfield>
  <controlfield tag="005">20141217073539.0</controlfield>
  <controlfield tag="008">141216n| azannaabn          |a aaa     c</controlfield>
  <datafield tag="010" ind1=" " ind2=" ">
    <subfield code="a">no2014165757</subfield>
  </datafield>
  <datafield tag="035" ind1=" " ind2=" ">
    <subfield code="a">(OCoLC)oca10042331</subfield>
  </datafield>
  <datafield tag="040" ind1=" " ind2=" ">
    <subfield code="a">UOr</subfield>
    <subfield code="b">eng</subfield>
    <subfield code="e">rda</subfield>
    <subfield code="c">UOr</subfield>
  </datafield>
  <datafield tag="100" ind1="1" ind2=" ">
    <subfield code="a">Fukuda, Masa</subfield>
  </datafield>
  <datafield tag="370" ind1=" " ind2=" ">
    <subfield code="a">Japan</subfield>
    <subfield code="e">Utah</subfield>
    <subfield code="2">naf</subfield>
  </datafield>
  <datafield tag="372" ind1=" " ind2=" ">
    <subfield code="a">Choral conducting</subfield>
    <subfield code="2">lcsh</subfield>
  </datafield>
  <datafield tag="373" ind1=" " ind2=" ">
    <subfield code="a">Brigham Young University</subfield>
    <subfield code="2">naf</subfield>
  </datafield>
  <datafield tag="374" ind1=" " ind2=" ">
    <subfield code="a">Choral conductors</subfield>
    <subfield code="2">lcsh</subfield>
  </datafield>
  <datafield tag="375" ind1=" " ind2=" ">
    <subfield code="a">male</subfield>
  </datafield>
  <datafield tag="377" ind1=" " ind2=" ">
    <subfield code="a">eng</subfield>
  </datafield>
  <datafield tag="510" ind1="2" ind2=" ">
    <subfield code="a">One Voice Children's Choir</subfield>
  </datafield>
  <datafield tag="670" ind1=" " ind2=" ">
    <subfield code="a">Piano Guys (Musical group). The Piano Guys, 2012:</subfield>
    <subfield code="b">title frame (Masa Fukuda, conductor, One Voice Children's Choir)</subfield>
  </datafield>
  <datafield tag="670" ind1=" " ind2=" ">
    <subfield code="a">One Voice Children's Choir website, November 25, 2014 :</subfield>
    <subfield code="b">(Masa Fukuda is an international award-winning composer, arranger, and producer. Born and raised in Japan, he came to the United States at age 16 to study and pursue his musical career. He attended Brigham Young University, graduating in 2002 with a BA in media music composition. He has been conducting the One Voice Children's Choir, a northern Utah based children's choir, since 2002, when the group performed as the 2002 Winter Olympics Children's choir at the XIX Olympic Winter Games held in Salt Lake City, Utah.)</subfield>
  </datafield>
</record>